@book{beyeler2017opencvml,
    title       = {Machine Learning for OpenCV},
    author      = {Michael Beyeler},
    year        = {2017},
    publisher   = {Packt Publishing Ltd.},
    isbn        = {9781783980284}
}

@online{crawford2017opencvpythonvideo,
    title       = {OpenCV for Python Developers},
    author      = {Patrick Crawford},
    year        = {2017},
    urldate     = {2018-06-11},
    url         = {https://www.lynda.com/Python-tutorials/OpenCV-Python-Developers/601786-2.html},
}

@inproceedings{rusu2011pointcloud,
    author      = {Radu Bogdan Rusu and Steve Cousins},
    title       = {{3D is here: Point Cloud Library (PCL)}},
    booktitle   = {{IEEE International Conference on Robotics and Automation (ICRA)}},
    year        = {2011},
    url         = {http://pointclouds.org/assets/pdf/pcl_icra2011.pdf}
}

@article{levine1989microwave,
    author      = {Leon Levine and Victor Huang and Israel Saguy},
    title       = {Use of Computer Vision for Real Time Estimation of Volume Increase During Microwave Baking},
    journal     = {Cereal Chemistry},
    volume      = {67},
    number      = {1},
    pages       = {104-105},
    year        = {1990},
    publisher   = {AACCI},
    url         = {https://www.aaccnet.org/publications/cc/backissues/1990/Documents/67_104.pdf}
}

@article{wang2017apple,
    author      = {Dandan Wang and Alex Martynenko and Kenneth Corscadden and Quan He},
    title       = {Computer vision for bulk volume estimation of apple slices during drying},
    journal     = {Drying Technology},
    volume      = {35},
    number      = {5},
    pages       = {616-624},
    year        = {2017},
    publisher   = {Taylor & Francis},
    doi         = {10.1080/07373937.2016.1196700},
    url         = {https://doi.org/10.1080/07373937.2016.1196700},
}

@article{hildebrand1997thickness,
    author      = {T. Hildebrand and P. Rüegsegger},
    title       = {A new method for the model‐independent assessment of thickness in three‐dimensional images},
    journal     = {Journal of Microscopy},
    volume      = {185},
    number      = {1},
    pages       = {67-75},
    year        = {1997},
    doi         = {10.1046/j.1365-2818.1997.1340694.x},
    url         = {https://onlinelibrary.wiley.com/doi/abs/10.1046/j.1365-2818.1997.1340694.x}
}

@inbook{vogiatzis2010stereo,
    author      = {George Vogiatzis and Carlos Hernández},
    title       = {Practical 3D Reconstruction Based on Photometric Stereo},
    bookTitle   = {Computer Vision: Detection, Recognition and Reconstruction},
    year        = {2010},
    publisher   = {Springer Berlin Heidelberg},
    pages       = {313-345},
    isbn        = {978-3-642-12848-6},
    doi         = {10.1007/978-3-642-12848-6_12},
    url         = {https://doi.org/10.1007/978-3-642-12848-6_12}
}

@inbook{taj2010detection,
    author      = {Murtaza Taj and Andrea Cavallaro},
    title       = {Multi-view Multi-object Detection and Tracking},
    bookTitle   = {Computer Vision: Detection, Recognition and Reconstruction},
    year        = {2010},
    publisher   = {Springer Berlin Heidelberg},
    pages       = {263--280},
    isbn        = {978-3-642-12848-6},
    doi         = {10.1007/978-3-642-12848-6_10},
    url         = {https://doi.org/10.1007/978-3-642-12848-6_10}
}

@book{hartley2004multiview,
    author      = {Richard Hartley and Andrew Zisserman},
    title       = {Multiple View Geometry in Computer Vision},
    edition     = {2},
    year        = {2004},
    publisher   = {Cambridge University Press},
    isbn        = {978-0-521-54051-3}
}

@online{bostondiditeam2017mv3d,
    title       = {Multi-View 3D Object Detection Network for Autonomous Driving},
    author      = {bostondiditeam},
    year        = {2017},
    urldate     = {2018-06-11},
    url         = {https://github.com/bostondiditeam/MV3D}
}

@online{chen2017mv3d,
    title       = {Multi-View 3D Object Detection Network for Autonomous Driving},
    author      = {Xiaozhi Chenand Huimin Ma and Ji Wan and Bo Li and Tian Xia},
    year        = {2017},
    urldate     = {2018-06-11},
    url         = {https://arxiv.org/pdf/1611.07759.pdf}
}

@article{saxena2007reconstruction,
    title       = {3-D Depth Reconstruction from a Single Still Image},
    author      = {Ashutosh Saxena and Sung H. Chung and Andrew Y. Ng},
    journal     = {International Journal of Computer Vision},
    year        = {2007},
    publisher   = {Springer Science+Business Media},
    doi         = {10.1007/s11263-007-0071-y},
    url         = {http://www.cs.cornell.edu/~asaxena/learningdepth/saxena_ijcv07_learningdepth.pdf}
}

@inproceedings{ge2010crowd,
    author      = {Weina Ge and Robert T. Collins},
    title       = {Crowd Detection with a Multiview Sampler},
    booktitle   = {Computer Vision - ECCV 2010},
    year        = {2010},
    publisher   = {Springer Berlin Heidelberg},
    pages       = {324-337},
    isbn        = {978-3-642-15555-0},
    url         = {https://pdfs.semanticscholar.org/bdaf/46519cfdd3412708403ebec16ec5b7fc6656.pdf}
}

@inproceedings{bayoa2009foreground,
    author      = {Á. Bayona and J. C. SanMiguel and J. M. Martinez},
    booktitle   = {2009 Sixth IEEE International Conference on Advanced Video and Signal Based Surveillance},
    title       = {Comparative Evaluation of Stationary Foreground Object Detection Algorithms Based on Background Subtraction Techniques},
    year        = {2009},
    pages       = {25-30},
    doi         = {10.1109/AVSS.2009.35},
    url         = {https://repositorio.uam.es/bitstream/handle/10486/667138/comparative_bayona_AVSS_2009_ps2.pdf?sequence=1}
}

@online{mordvintsev2013background,
    title       = {Background Subtraction},
    author      = {Alexander Mordvintsev and Abid K.},
    year        = {2013},
    organization= {{Read the Docs, Inc}},
    urldate     = {2018-06-11},
    url         = {https://opencv-python-tutroals.readthedocs.io/en/latest/py_tutorials/py_video/py_bg_subtraction/py_bg_subtraction.html}
}

@online{opencv2018histogram,
    title       = {Histogram Equalization},
    author      = {{OpenCV Development Team}},
    year        = {2018},
    urldate     = {2018-06-11},
    url         = {https://docs.opencv.org/2.4/doc/tutorials/imgproc/histograms/histogram_equalization/histogram_equalization.html}
}

@article{reddy2013foreground,
    author      = {V. Reddy and C. Sanderson and B. C. Lovell},
    journal     = {IEEE Transactions on Circuits and Systems for Video Technology},
    title       = {Improved Foreground Detection via Block-Based Classifier Cascade With Probabilistic Decision Integration},
    year        = {2013},
    volume      = {23},
    number      = {1},
    pages       = {83-93},
    doi         = {10.1109/TCSVT.2012.2203199},
    ISSN        = {1051-8215}
}

@book{zhang2017imageprocessing,
    author      = {Yujin Zhang},
    title       = {Image Processing},
    publisher   = {De Gruyter},
    year        = {2017},
    isbn        = {978-3-110-52422-2}
}

@book{zhang2017imageanalysis,
    author      = {Yujin Zhang},
    title       = {Image Analysis},
    publisher   = {De Gruyter},
    year        = {2017},
    isbn        = {978-3-110-52428-4}
}

@book{zhang2017imageunderstanding,
    author      = {Yujin Zhang},
    title       = {Image Understanding},
    publisher   = {De Gruyter},
    year        = {2017},
    isbn        = {978-3-110-52423-9}
}

@book{grady2017graph,
    author      = {Leo Grady and Olivier Lezoray},
    title       = {Image Processing and Analysis with Graphs},
    publisher   = {CRC Press},
    year        = {2017},
    isbn        = {978-1-439-85508-9}
}

@book{inoli2014imageprocessing,
    author      = {Jean-Charles Pinoli},
    title       = {Mathematical Foundations of Image Processing and Analysis},
    publisher   = {Wiley-ISTE},
    year        = {2014},
    volume      = {1},
    isbn        = {978-1-118-64912-1}
}

@article{sun2010groupelevator,
    author      = {Jin Sun and Qian-Chuan Zhao and Peter B. Luh},
    title       = {Optimization of Group Elevator Scheduling With Advance Information},
    journal     = {IEEE Transactions on Automation Science and Engineering},
    year        = {2010},
    volume      = {7},
    number      = {2},
    pages       = {352-363}
}

@online{beers2015arrivals,
    author      = {Leonie Beers},
    title       = {Reducing passenger waiting time in elevator traffic by adding information about passenger arrivals},
    year        = {2015},
    urldate     = {2018-06-13},
    url         = {https://beta.vu.nl/nl/Images/werkstuk-beers_tcm235-431096.pdf}
}

@article{kwon2014sensor,
    author      = {Ohhoon Kwon and Eunji Lee and Hyokyung Bahn},
    title       = {Sensor-aware elevator scheduling for smart building environments},
    journal     = {Building and Environment},
    year        = {2014},
    volume      = {72},
    pages       = {332-342}
}

@article{zhou2018monitoring,
    title       = {An Elevator Monitoring System Based On The Internet Of Things},
    journal     = {Procedia Computer Science},
    volume      = {131},
    pages       = {541 - 544},
    year        = {2018},
    issn        = {1877-0509},
    url         = {http://www.sciencedirect.com/science/article/pii/S1877050918306422},
    author      = {You Zhou and Kai Wang and Hongxia Liu}
}

@online{siikonen1997models,
    author      = {Marja-Liisa Siikonen},
    title       = {Planning and Control Models for Elevators in High-Rise Buildings},
    year        = {1997},
    urldate     = {2018-06-14},
    url         = {http://sal.aalto.fi/publications/pdf-files/rsii97b.pdf}
}

@book{unger2015aufzuege,
    author      = {Dieter Unger},
    year        = {2015},
    title       = {Aufzüge und Fahrtreppen},
    publisher   = {Springer Vieweg},
    isbn        = {978-3-662-56241-3}
}

@article{li2004background, 
    author      = {Liyuan Li and Weimin Huang and Irene Yu-Hua Gu and Qi Tian}, 
    journal     = {IEEE Transactions on Image Processing}, 
    title       = {Statistical modeling of complex backgrounds for foreground object detection}, 
    year        = {2004}, 
    volume      = {13}, 
    number      = {11}, 
    pages       = {1459-1472}, 
    doi         = {10.1109/TIP.2004.836169}, 
    ISSN        = {1057-7149}
}

@inproceedings{piccardi2004background, 
    author      = {M. Piccardi}, 
    booktitle   = {2004 IEEE International Conference on Systems, Man and Cybernetics (IEEE Cat. No.04CH37583)}, 
    title       = {Background subtraction techniques: a review}, 
    year        = {2004}, 
    volume      = {4}, 
    pages       = {3099-3104}, 
    doi         = {10.1109/ICSMC.2004.1400815}, 
    ISSN        = {1062-922X}
}

@inproceedings{huwer2000change, 
    author      = {S. Huwer and H. Niemann}, 
    booktitle   = {Proceedings Third IEEE International Workshop on Visual Surveillance}, 
    title       = {Adaptive change detection for real-time surveillance applications}, 
    year        = {2000}, 
    pages       = {37-46}, 
    doi         = {10.1109/VS.2000.856856}
}

@inproceedings{kaewtrakulpong2001background,
    author      = {P. KaewTraKulPong and R. Bowden},
    title       = {An Improved Adaptive Background Mixture Model for Realtime Tracking with Shadow Detection},
    booktitle   = {Proceedings Second European Workshop on Advanced Video Based Surveillance Systems},
    year        = {2001}

}

@online{sonaten2011volume,
    author      = {Sonaten},
    title       = {Object Volume Calculation/Estimation},
    year        = {2011},
    publisher   = {{Stack Exchange Inc}},
    urldate     = {2018-06-19},
    url         = {https://stackoverflow.com/questions/8337920/object-volume-calculation-estimation}
}

@inproceedings{siikonen1993simulation,
    author      = {Siikonen, Marja-Liisa},
    year        = {1993},
    pages       = {257-267},
    title       = {Elevator Traffic Simulation},
    volume      = {61},
    booktitle   = {Transactions of The Society for Modeling and Simulation International - SIMULATION}
}

@inproceedings{hakonen2008simulation,
    author      = {Hakonen, Henri and Siikonen, Marja-Liisa},
    year        = {2008},
    title       = {Elevator Traffic Simulation Procedure},
    booktitle   = {IAEE Elevator Technology 17}
}

@inproceedings{hakonen2004optimization,
    author      = {Hakonen, Henri and Rong, Aiying and Lahdelma, Risto},
    year        = {2004},
    title       = {Multiobjective Optimization in Elevator Group Control},
    booktitle   = {ECCOMAS 2004 - European Congress on Computational Methods in Applied Sciences and Engineering}
}

@inproceedings{siikonen2000simulation,
    author      = {Siikonen, Marja-Liisa and Susi, T and Hakonen, H},
    year        = {2000},
    title       = {Passenger Traffic Flow Simulation in Tall Buildings},
    volume      = {49},
    booktitle   = {IFHS International Conference on Multi-Purpose High-Rise Towers and Tall Buildings}
}

@inproceedings{susi2004passenger,
    author      = {Susi, Tuomas and Sorsa, Janne and Siikonen, Marja-Liisa},
    title       = {Passenger Behaviour in Elevator Simulation},
    year        = {2004},
    booktitle   = {IAEE Elevator Technology 14}
}

@inproceedings{horejsi2011dispatch,
    author      = {Horejsi, Jana and Horejsi, Petr and Latif, Muhammad},
    title       = {Strategies For An Elevator Dispatcher System},
    year        = {2011},
    booktitle   = {MM Science Journal},
    pages        = {233-238}
}

@article{sapkal2017volume,
    author      = {D.D. Sapkal and Ajinkya Upasani and Dhanad Amberkar and Paramveer Singh and Pranav Nijampurkar},
    title       = {Volume Estimation of An Object Using 2D Images},
    year        = {2017},
    journal     = {International Journal of Pure and Applied Mathematics},
    volume      = {114},
    number      = {12},
    pages       = {333-341}
}

@misc{lin2011control,
    title       = {Video Aided System For Elevator Control},
    author      = {Lin Lin and Ziyou Xiong and Alan Matthew Finn and Pei-Yuan Peng and Pengju Kang and Mauro J. and Meghna Misra and Christian Maria Netter},
    url         = {http://www.google.com/patents/US8020672B2},
    year        = {2011},
    publisher   = {Google Patents},
    note        = {US Patent 8,020,672 B2}
}

@misc{zhang2016door,
    title       = {Video-Based System And Method Of Elevator Door Detection},
    author      = {Zhang, Enwei and Chen, Feng and Cao, Zisheng and Jia, Zhen and Peng, Peiyuan},
    url         = {http://www.google.com/patents/EP2300949B1},
    year        = {2016},
    publisher   = {Google Patents},
    note        = {European Patent 2 300 949 B1}
}

@misc{xang2016trafficlist,
    title       = {Traffic List Generation For Passenger Conveyance},
    author      = {Wang, Xiangyu and Liu, Yu and Chen, Feng and Finn, Alan and Fang, Hui and Jia, Zhen and Hsu, Arthur},
    url         = {http://www.google.com/patents/EP3075693A1},
    year        = {2016},
    publisher   = {Google Patents},
    note        = {European Patent 3 075 693 A1}
}

@inproceedings{sorsa2005destination,
    author      = {Sorsa, Janne and Hakonen, Henri and Siikonen, Marja-Liisa},
    title       = {Elevator Selection With Destination Control System},
    year        = {2005},
    booktitle   = {IAEE Elevator Technology 15}
}

@misc{axelsson2013strategies,
  title         = {Elevator Control Strategies},
  author        = {Axelsson, Johanna and Bernelind, Sarah},
  year          = {2013},
  urldate       = {2018-07-04},
  url           = {https://www.diva-portal.org/smash/get/diva2:668654/FULLTEXT01.pdf}
}

@misc{suzuki1994number,
    title       = {Apparatus And Methods For Detecting Number Of People Waiting In An Elevator Hall Using Plural Image Processing Means With Overlappng Fields Of View},
    author      = {Masato Suzuki and Hiromi Inaba and Kiyoshi Nakamura and Naofumi Nakata and Hiroaki Yamani and Naoto Oonuma},
    url         = {https://patentimages.storage.googleapis.com/pdfs/US5298697.pdf},
    year        = {1994},
    publisher   = {Google Patents},
    note        = {US Patent 5,298,697}
}

@misc{effati2015strategies,
  title         = {A Comparison of Traditional Elevator Control Strategies},
  author        = {Effati, Shayan and Alipoor, Donia},
  year          = {2015},
  publisher     = {KTH Royal Institute of Technology}
}

@misc{khomytskyi2016simulation,
    author      = {Stanislav Khomytskyi},
    title       = {Simulation of passenger lift in Witness software},
    year        = {2016}
}

@article{omar2013simulation,
    title       = {Modelling a Multi-car Elevator System using Witness},
    author      = {Omar, O and Latif, M and Awais, M},
    journal     = {International Journal of Innovation and Applied Studies},
    volume      = {4},
    number      = {1},
    pages       = {20--27},
    year        = {2013},
    publisher   = {Citeseer}
}

@misc{hakonen2003simulation,
    title       = {Simulation of Building Traffic and Evacuation by Elevators},
    author      = {Henri Hakonen},
    year        = {2003},
    publisher   = {Helsinki University of Technology},
    url={http://citeseerx.ist.psu.edu/viewdoc/download?doi=10.1.1.14.9003&rep=rep1&type=pdf}
}

@article{martin1983volume, 
    author      = {W. N. Martin and J. K. Aggarwal}, 
    journal     = {IEEE Transactions on Pattern Analysis and Machine Intelligence}, 
    title       = {Volumetric Descriptions of Objects from Multiple Views}, 
    year        = {1983}, 
    volume      = {PAMI-5}, 
    number      = {2}, 
    pages       = {150-158}, 
    doi         = {10.1109/TPAMI.1983.4767367}, 
    ISSN        = {0162-8828}
}

@book{szeliski2010algorithms,
    title       = {Computer vision: algorithms and applications},
    author      = {Szeliski, Richard},
    year        = {2010},
    publisher   = {Springer Science \& Business Media}
}

@article{laurentini1994hull, 
    author      = {A. Laurentini}, 
    journal     = {IEEE Transactions on Pattern Analysis and Machine Intelligence}, 
    title       = {The visual hull concept for silhouette-based image understanding}, 
    year        = {1994}, 
    volume      = {16}, 
    number      = {2}, 
    pages       = {150-162}, 
    doi         = {10.1109/34.273735}, 
    ISSN        = {0162-8828}
}

@book{dresh2015designresearch,
    author      = {Aline Dresch and {Daniel Pacheco} Lacerda and {José Antônio Valle} {Antunes Jr}},
    title       = {Design Science Research},
    year        = {2015},
    publisher   = {Springer},
    isbn        = {978-3-319-07373-6}
}

@book{starkosch2010handbook,
    author      = {{George R.} Starkosch and {Robert S.} Caporale},
    title       = {The Vertical Transportation Handbook},
    edition     = {4},
    year        = {2010}
}

@misc{strobl1999controller,
    author      = {Frank Strobl and Alexander Wisspeintner},
    title       = {Specification of an Elevator Control System},
    year        = {1999},
    publisher   = {Technische Universität München},
    url         = {http://wwwbroy.in.tum.de/publ/papers/elevator.pdf}
}

@book{barney2016handbook,
    author      = {Gina Barney and Lutfi Al-Sharif},
    title       = {Elevator Traffic Handbook, Theory and Practice},
    year        = {2016},
    edition     = {2},
    publisher   = {Routledge}
}

@online{kone2017overview,
    author      = {{KONE Deutschland}},
    title       = {Alle KONE Aufzüge im Überblick},
    year        = {2017},
    urldate     = {2018-07-25},
    url         = {https://www.kone.de/aufzug-aufzuege.aspx}
}

@inproceedings{matusik2000visualhull,
    author      = {Matusik, Wojciech and Buehler, Chris and Raskar, Ramesh and Gortler, Steven J. and McMillan, Leonard},
    title       = {Image-based Visual Hulls},
    booktitle   = {Proceedings of the 27th Annual Conference on Computer Graphics and Interactive Techniques},
    series      = {SIGGRAPH '00},
    year        = {2000},
    isbn        = {1-58113-208-5},
    pages       = {369--374},
    numpages    = {6},
    url         = {http://dx.doi.org/10.1145/344779.344951},
    doi         = {10.1145/344779.344951},
    acmid       = {344951},
    publisher   = {ACM Press/Addison-Wesley Publishing Co.},
    address     = {New York, NY, USA},
    keywords       = {computer vision, constructive solid geometry, image-based rendering, misc. rendering algorithms}
} 

@inproceedings{kutulakos1999spacecarving, 
    author      = {K. N. Kutulakos and S. M. Seitz}, 
    booktitle   = {Proceedings of the Seventh IEEE International Conference on Computer Vision}, 
    title       = {A theory of shape by space carving}, 
    year        = {1999}, 
    volume      = {1}, 
    number      = {}, 
    pages       = {307--314},
    doi         = {10.1109/ICCV.1999.791235}
}

@inbook{dyer2001reconstruction,
    author      = {Dyer, Charles R.},
    editor      = {Davis, Larry S.},
    title       = {Volumetric Scene Reconstruction from Multiple Views},
    bookTitle   = {Foundations of Image Understanding},
    year        = {2001},
    publisher   = {Springer US},
    address     = {Boston, MA},
    pages       = {469--489},
    isbn        = {978-1-4615-1529-6},
    doi         = {10.1007/978-1-4615-1529-6_16},
    url         = {https://doi.org/10.1007/978-1-4615-1529-6_16}
}

@inproceedings{cantonferrer2008tracking,
    author      = {Canton-Ferrer, C. and Salvador, J. and Casas, J. R. and Pard{\`a}s, M.},
    editor      = {Stiefelhagen, Rainer and Bowers, Rachel and Fiscus, Jonathan},
    title       = {Multi-person Tracking Strategies Based on Voxel Analysis},
    booktitle   = {Multimodal Technologies for Perception of Humans},
    year        = {2008},
    publisher   = {Springer Berlin Heidelberg},
    address     = {Berlin, Heidelberg},
    pages       = {91--103},
    isbn        = {978-3-540-68585-2}
}

@article{bottino2001silhouette,
    title       = {A Silhouette Based Technique for the Reconstruction of Human Movement},
    journal     = {Computer Vision and Image Understanding},
    volume      = {83},
    number      = {1},
    pages       = {79--95},
    year        = {2001},
    issn        = {1077-3142},
    doi         = {https://doi.org/10.1006/cviu.2001.0918},
    url         = {http://www.sciencedirect.com/science/article/pii/S107731420190918X},
    author      = {Andrea Bottino and Aldo Laurentini}
}

@article{chan2011background,
    author      = {Chan, Antoni B. and Mahadevan, Vijay and Vasconcelos, Nuno},
    title       = {Generalized Stauffer-Grimson background subtraction for dynamic scenes},
    journal     = {Machine Vision and Applications},
    year        = {2011},
    volume      = {22},
    number      = {5},
    pages       = {751--766},
    issn        = {1432-1769},
    doi         = {10.1007/s00138-010-0262-3},
    url         = {https://doi.org/10.1007/s00138-010-0262-3}
}

@inproceedings{stauffer1999background, 
    author      = {C. Stauffer and W. E. L. Grimson}, 
    booktitle   = {Proceedings. 1999 IEEE Computer Society Conference on Computer Vision and Pattern Recognition (Cat. No PR00149)}, 
    title       = {Adaptive background mixture models for real-time tracking}, 
    year        = {1999}, 
    volume      = {2}, 
    number      = {}, 
    pages       = {252}, 
    doi         = {10.1109/CVPR.1999.784637}, 
    ISSN        = {1063-6919}
}

@article{laurentini1995silhouettes, 
    author      = {A. Laurentini}, 
    journal     = {IEEE Transactions on Pattern Analysis and Machine Intelligence}, 
    title       = {How far 3D shapes can be understood from 2D silhouettes}, 
    year        = {1995}, 
    volume      = {17}, 
    number      = {2}, 
    pages       = {188--195}, 
    doi         = {10.1109/34.368170}, 
    ISSN        = {0162-8828}
}

@article{zheng1994contours, 
    author      = {Jiang Yu Zheng}, 
    journal     = {IEEE Transactions on Pattern Analysis and Machine Intelligence}, 
    title       = {Acquiring 3-D models from sequences of contours}, 
    year        = {1994}, 
    volume      = {16}, 
    number      = {2}, 
    pages       = {163--178}, 
    doi         = {10.1109/34.273734}, 
    ISSN        = {0162-8828}
}

@online{opencv2018kernel,
    author      = {{OpenCV Dev Team}},
    title       = {Making your own linear filters},
    year        = {2018},
    urldate     = {2018-08-03},
    url         = {https://docs.opencv.org/2.4/doc/tutorials/imgproc/imgtrans/filter_2d/filter_2d.html}
}

@online{opencv2018opencv,
    author      = {{OpenCV Team}},
    title       = {OpenCV Library},
    year        = {2018},
    urldate     = {2018-08-03},
    url         = {https://opencv.org/}
}

@online{opencv2018calibration,
    author      = {{OpenCV Dev Team}},
    title       = {Camera Calibration and 3D Reconstruction},
    year        = {2018},
    urldate     = {2018-08-03},
    url         = {https://opencv.org/}
}

@article{weng1992distortion, 
    author      = {J. Weng and P. Cohen and M. Herniou}, 
    journal     = {IEEE Transactions on Pattern Analysis and Machine Intelligence}, 
    title       = {Camera calibration with distortion models and accuracy evaluation}, 
    year        = {1992}, 
    volume      = {14}, 
    number      = {10}, 
    pages       = {965--980}, 
    doi         = {10.1109/34.159901}, 
    ISSN        = {0162-8828}
}

@online{opencv2018blob,
    author      = {OpenCV},
    title       = {cv::SimpleBlobDetector Class Reference},
    year        = {2018},
    url         = {https://docs.opencv.org/3.4/d0/d7a/classcv_1_1SimpleBlobDetector.html},
    urldate     = {2018-08-07}
}

@article{suzuki1985border,
    title       = {Topological structural analysis of digitized binary images by border following},
    author      = {Suzuki and Satoshi},
    journal     = {Computer vision, graphics, and image processing},
    volume      = {30},
    number      = {1},
    pages       = {32--46},
    year        = {1985},
    publisher   = {Academic Press}
}

@book{parker2011algorithms,
    title       = {Algorithms for image processing and computer vision},
    author      = {Parker, Jim R},
    year        = {2011},
    publisher   = {{Wiley Publishing, Inc.}},
    edition     = {2}
}

@online{rust2018rust,
    title       = {The Rust Programming Language},
    author      = {{Rust Team}},
    year        = {2018},
    urldate     = {2018-08-10},
    url         = {https://www.rust-lang.org/en-US/}
}

@inproceedings{matsakis2014rust,
    author      = {Matsakis, Nicholas D. and Klock,II, Felix S.},
    title       = {The Rust Language},
    booktitle   = {Proceedings of the 2014 ACM SIGAda Annual Conference on High Integrity Language Technology},
    series      = {HILT '14},
    year        = {2014},
    isbn        = {978-1-4503-3217-0},
    location    = {Portland, Oregon, USA},
    pages       = {103--104},
    numpages    = {2},
    url         = {http://doi.acm.org/10.1145/2663171.2663188},
    doi         = {10.1145/2663171.2663188},
    publisher   = {ACM},
}

@online{xocoatzin2013voxelcarving,
    author      = {Xocoatzin and Kai Wolf},
    title       = {Voxel-Carving},
    date        = {2013},
    publisher   = {{GitHub, Inc}},
    urldate     = {2018-08-10},
    url         = {https://github.com/xocoatzin/Voxel-Carving}
}

@online{eu2016gdpr,
    title={General Data Protection Regulation},
    author={{Council of the European Union}},
    year={2016},
    urldate={2018-08-16},
    url={http://data.consilium.europa.eu/doc/document/ST-5419-2016-INIT/en/pdf}
}

@online{trunomi2018gdpr,
    title       = {Key Changes with the General Data Protection Regulation},
    author      = {Trunomi},
    year        = {2018},
    urldate     = {2018-08-16},
    url         = {https://www.eugdpr.org/key-changes.html}
}

@online{bmjv2009bdsg,
    title       = {Federal Data Protection Act},
    author      = {{Federal Ministry of Justice and Consumer Protection}},
    year        = {2009},
    urldate     = {2018-08-16},
    url         = {https://www.gesetze-im-internet.de/englisch_bdsg/englisch_bdsg.html}
}

@online{ico2018gdpr,
    title       = {Guide to the General Data Protection Regulation (GDPR) / The Priciples},
    author      = {{Information Commissioner's Office}},
    year        = {2018},
    urldate     = {2018-08-16},
    url         = {https://ico.org.uk/for-organisations/guide-to-the-general-data-protection-regulation-gdpr/principles/}
}

@online{
    title       = {Video surveillance systems for use in security applications - Part 4: Application guidelines}
    
}